<?xml version="1.0" encoding="UTF-8"?><collection><record><leader>05347ntm a2200553 a 4500</leader><controlfield tag="001">006832326</controlfield><controlfield tag="003">MiAaHDL</controlfield><controlfield tag="005">20190719000000.0</controlfield><controlfield tag="006">m        d        </controlfield><controlfield tag="007">cr bn ---auaua</controlfield><controlfield tag="008">090626s193u    xx            00| ||ara d</controlfield><datafield tag="035" ind1=" " ind2=" "><subfield code="a">(MiU)006832326</subfield></datafield><datafield tag="035" ind1=" " ind2=" "><subfield code="a">sdr-miu006832326</subfield></datafield><datafield tag="040" ind1=" " ind2=" "><subfield code="a">MiU</subfield><subfield code="c">MiU</subfield><subfield code="e">amremm</subfield></datafield><datafield tag="043" ind1=" " ind2=" "><subfield code="a">n-us-mi</subfield></datafield><datafield tag="100" ind1="1" ind2=" "><subfield code="6">880-01</subfield><subfield code="a">Fanārī, Muḥammad ibn Ḥamzah,</subfield><subfield code="d">1350 or 1351-1430 or 1431.</subfield></datafield><datafield tag="240" ind1="1" ind2="0"><subfield code="6">880-02</subfield><subfield code="a">Miṣbāḥ al-uns bayna al-maʻqūl wa-al-mashhūd</subfield></datafield><datafield tag="245" ind1="1" ind2="3"><subfield code="6">880-03</subfield><subfield code="a">al-Falsafah al-dhātīyah,</subfield><subfield code="f">[193-?].</subfield></datafield><datafield tag="246" ind1="3" ind2="8"><subfield code="a">فلسفة الذاتية</subfield></datafield><datafield tag="260" ind1=" " ind2=" "><subfield code="c">[193-?].</subfield></datafield><datafield tag="300" ind1=" " ind2=" "><subfield code="a">84 leaves :</subfield><subfield code="b">paper ;</subfield><subfield code="c">340 x 235, 323 x 210 mm. bound to 347 x 244 mm.</subfield></datafield><datafield tag="500" ind1=" " ind2=" "><subfield code="a">Shelfmark: Ann Arbor, University of Michigan, Special Collections Library, Isl. Ms. 938</subfield></datafield><datafield tag="500" ind1=" " ind2=" "><subfield code="a">Origin: Lacks dated colophon ; likely copied in Egypt in the late 1930s and bound for James Heyworth-Dunne (d.1974).</subfield></datafield><datafield tag="500" ind1=" " ind2=" "><subfield code="a">Former shelfmark: Mich. Isl. Ms. temp. no. 87</subfield></datafield><datafield tag="500" ind1=" " ind2=" "><subfield code="a">Binding: Boards covered in dark green cloth with dark green leather over spine (quarter binding) ; pastedowns and flyleaves in wove paper printed with a floral vegetal pattern in green ; spine gold-stamped with title and decorative accents over raised bands "الفلسفة الذاتية | الفهقاني | J.H.D." ; sewing somewhat difficult to examine, but seemingly in heavy white thread over at least three stations (see p.8, 26, etc.) ; stuck-on endbands (blue and white stripe) ; overall in fairly good condition.</subfield></datafield><datafield tag="500" ind1=" " ind2=" "><subfield code="a">Support: Lined wove paper of two different types, in two different sizes (compare the fifth gathering, pp.37-52).</subfield></datafield><datafield tag="500" ind1=" " ind2=" "><subfield code="a">Decoration: Section headings 'rubricated' in a now purplish red ink ; chart / table (jadwal) on p.86 with the four spheres (al-aflāk al-arbaʻah), seven heavens (al-samawāt al-sabaʻ), and four elements (al-ʻanāṣir al-arbaʻah) with corresponding heavenly bodies, names of God, angels, etc.</subfield></datafield><datafield tag="500" ind1=" " ind2=" "><subfield code="a">Script: Naskh ; clear hand in a thin to bold line (line thickness and size certainly changes, though appears to have been supplied by same copyist) ; mainly serifless with slight effect of tilt to the left and of words descending to baseline, curvilinear descenders, open and closed counters, pointing in strokes rather than distinct dots, final yāʼ usually unpointed.</subfield></datafield><datafield tag="500" ind1=" " ind2=" "><subfield code="a">Layout: Written in 28-34 lines per page.</subfield></datafield><datafield tag="500" ind1=" " ind2=" "><subfield code="a">Collation: i, IV (8), V (18), 2 IV(34), 5 V(84), i ; chiefly quinions with a few quaternions ; quire numbering in the form of Hindu-Arabic numerals accompanied by letter kāf (ك) appearing in the inner lower margin (near the gutter) of the opening recto of each gathering (begins with the third, see pp.1, 17, 37, 53, etc.), supplied in same pencil as original pagination (grey or blue) ; pagination in pencil, Hindu-Arabic numerals (through page ٩٢ grey pencil, from page ٩٣ blue pencil, with exception of pp.139-144) ; pagination in pencil, Western numerals, supplied during digitization.</subfield></datafield><datafield tag="500" ind1=" " ind2=" "><subfield code="a">Explicit: "اصلا ومنشأ لجميع الصور الانسانية التخطيطية كما كان معنى محمد ص وحقيقته التي هي حقيقة الحقائق منشأ"</subfield></datafield><datafield tag="500" ind1=" " ind2=" "><subfield code="a">Incipit: "وان كانت راجعة الى اصول حاصرة كالاسماء الذاتية التي هي مفاتيح الغيب التي كلياتها الحضرات الخمس كما مر ..."</subfield></datafield><datafield tag="500" ind1=" " ind2=" "><subfield code="a">Title from inscription in pencil on incipit page (p.1) which attributes the work to Abī Saʻīd al-Farghānī ("الفلسفة الذاتية لابي سعيد الفرغاني").</subfield></datafield><datafield tag="500" ind1=" " ind2=" "><subfield code="a">Ms. codex.</subfield></datafield><datafield tag="510" ind1="4" ind2=" "><subfield code="a">Brockelmann, C. GAL,</subfield><subfield code="c">S II 328 f.</subfield></datafield><datafield tag="520" ind1="8" ind2=" "><subfield code="a">Careful though acephalous and incomplete copy of Muḥammad ibn Ḥamzah al-Fanārī’s commentary on Ṣadr al-Dīn al-Qūnawī’s (d.1274) chief philosophical work Miftāḥ ghayb al-jamʻ wa-al-wujūd, opening in the latter part of al-Aṣl al-rābiʻ and concluding in the opening part of the Khātimah.</subfield></datafield><datafield tag="538" ind1=" " ind2=" "><subfield code="a">Mode of access: Internet.</subfield></datafield><datafield tag="541" ind1=" " ind2=" "><subfield code="a">Acquired in the Fall of 1950.</subfield></datafield><datafield tag="546" ind1=" " ind2=" "><subfield code="a">Arabic.</subfield></datafield><datafield tag="561" ind1=" " ind2=" "><subfield code="a">On upper pastedown, label with ex libris of James Heyworth-Dunne (d.1974), stamped with inventory number, "Ex Libris | J. Heyworth-Dunne | D. Lit. (London) | No 7979" ; UM Library inscription at opening on p.1 "Dunning | Heyworth-Dunne | 6-11-51 | 71955" ; possible former inventory mark in pencil at opening on p.1 "231 / 53" ; several marginal and interlinear corrections in pencil (grey, blue, etc.) in hand of copyist.</subfield></datafield><datafield tag="600" ind1="0" ind2="0"><subfield code="a">Ṣadr al-Dīn al-Qūnawī, Muḥammad ibn Isḥāq,</subfield><subfield code="d">d. 1273 or 4.</subfield><subfield code="t">Miftāḥ ghayb al-Jamʻ wa-al-wujūd.</subfield></datafield><datafield tag="650" ind1=" " ind2="0"><subfield code="a">Manuscripts, Arabic</subfield><subfield code="z">Michigan</subfield><subfield code="z">Ann Arbor.</subfield></datafield><datafield tag="650" ind1=" " ind2="0"><subfield code="a">God (Islam)</subfield><subfield code="v">Early works to 1800.</subfield></datafield><datafield tag="650" ind1=" " ind2="0"><subfield code="a">Islamic philosophy</subfield><subfield code="v">Early works to 1800.</subfield></datafield><datafield tag="700" ind1="1" ind2=" "><subfield code="a">Heyworth-Dunne, J.</subfield><subfield code="q">(James),</subfield><subfield code="e">former owner.</subfield></datafield><datafield tag="773" ind1="0" ind2=" "><subfield code="a">Heyworth-Dunne Collection.</subfield></datafield><datafield tag="880" ind1="1" ind2="2"><subfield code="6">245-03/</subfield><subfield code="a">الفلسفة الذاتية,</subfield><subfield code="f">[193-م?].</subfield></datafield><datafield tag="880" ind1="1" ind2="0"><subfield code="6">240-02/</subfield><subfield code="a">مصباح الانس بين المعقول والمشهود</subfield></datafield><datafield tag="880" ind1="1" ind2=" "><subfield code="6">100-01/</subfield><subfield code="a">فناري، محمد بن حمزه.</subfield></datafield><datafield tag="CID" ind1=" " ind2=" "><subfield code="a">006832326</subfield></datafield><datafield tag="DAT" ind1="0" ind2=" "><subfield code="a">20190719102640.0</subfield><subfield code="b">20190719000000.0</subfield></datafield><datafield tag="DAT" ind1="1" ind2=" "><subfield code="a">20190719090653.0</subfield><subfield code="b">2019-07-19T16:11:28Z</subfield></datafield><datafield tag="DAT" ind1="2" ind2=" "><subfield code="a">2015-10-02T18:00:03Z</subfield></datafield><datafield tag="CAT" ind1=" " ind2=" "><subfield code="a">SDR-MIU</subfield><subfield code="d">EX LIBRIS - ALEPH</subfield><subfield code="l">prepare.pl-004-008</subfield></datafield><datafield tag="FMT" ind1=" " ind2=" "><subfield code="a">BK</subfield></datafield><datafield tag="HOL" ind1=" " ind2=" "><subfield code="0">sdr-miu006832326</subfield><subfield code="a">MiU</subfield><subfield code="b">SDR</subfield><subfield code="c">MIU</subfield><subfield code="p">mdp.39015079131192</subfield><subfield code="s">MIU</subfield><subfield code="1">006832326</subfield></datafield><datafield tag="974" ind1=" " ind2=" "><subfield code="b">MIU</subfield><subfield code="c">MIU</subfield><subfield code="d">20190719</subfield><subfield code="s">lit-dlps-dc</subfield><subfield code="u">mdp.39015079131192</subfield><subfield code="y">1939</subfield><subfield code="r">ic-world</subfield><subfield code="q">man</subfield></datafield></record></collection>